2619 4626
698 184 1583 335 PROLEGOMENA.
1905 325 1913 332 ,
2033 268 2162 326 ιι·
2263 220 2268 227 ’

97 424 448 520 christiana
499 429 825 523 conciliari
873 426 1101 524 pqffit?
1155 432 1367 524 1763.
1415 429 1495 501 In
1538 427 1824 502 fumum
1878 426 2140 502 abeunt

96 530 655 600 adhortationes
705 527 1187 621 apostolorum
1259 531 1525 604 multae
1557 577 1579 616 ,
1643 547 1710 600 et
1796 529 2140 601 advitam

98 626 572 698 christianam
671 627 1258 711 conformandam
1329 626 1618 723 prorsus
1708 624 2139 700 necessariae.

95 725 334 813 Quam
369 725 723 799 elumbes
759 746 968 813 erunt
995 727 1518 801 adhortationes
1553 725 1645 800 ad
1670 723 1920 799 seriam
1947 727 2138 799 vitae

97 824 523 920 mentisque
572 830 1084 912 mutationem,
1137 842 1186 902 2
1221 829 1413 900 Tim.
1445 826 1532 898 11.
1561 820 1676 920 ις’.
1720 844 1836 903 20.
1888 825 1974 896 ad
2032 825 2137 897 vi-

98 924 492 1020 gilantiam
525 973 554 1012 ,
610 950 643 1001 1
674 924 854 1001 P'etr.
883 923 979 998 V.
1026 935 1095 1009 8.
1165 927 1256 998 ad
1285 926 1807 1024 indulgentiam
1840 944 2013 1020 erga
2036 925 2140 997 la-

106 1022 294 1117 psae,
365 1049 414 1097 2
460 1023 636 1095 Cor.
671 1024 754 1096 11.
792 1047 909 1099 ιι.
935 1027 1026 1098 ad
1069 1023 1380 1098 studium
1409 1026 1867 1099 humanitatis
1897 1044 1965 1094 et
1981 1044 2138 1120 pre·

130 1142 305 1207 cum,
370 1139 424 1194 2
467 1120 635 1194 Cor.
675 1123 826 1196 ΧΠ.
863 1134 931 1205 8.
959 1125 1049 1196 ad
1079 1125 1535 1219 prudentiam
1555 1123 2000 1219 spiritualem
2020 1121 2137 1193 ad-

131 1218 347 1292 uersus
391 1221 561 1292 eius
592 1242 663 1293 et
700 1218 1192 1295 ministrorum
1222 1219 1688 1317 imposturam,
1743 1246 1788 1298 2
1816 1219 1978 1294 Cor.
2009 1220 2136 1295 xl.

124 1338 217 1400 13·
256 1319 354 1391 ad
413 1317 876 1392 sobrietatem
941 1341 1010 1394 et
1065 1318 1491 1395 castitatem?
1565 1343 1595 1396 1
1653 1322 1844 1394 Tim.
1880 1321 1968 1394 V.
2023 1337 2140 1413 ις.

117 1416 256 1504 Qua
269 1418 690 1491 remissione
719 1419 950 1492 animi·
978 1439 1234 1513 contra,
1247 1420 1629 1515 antiquum
1663 1423 1853 1491 hunc
1871 1416 2141 1493 infidia-

113 1535 332 1589 torem
344 1510 855 1614 pugnabimus
874 1566 899 1606 ,
943 1519 1156 1594 illum
1184 1518 1307 1593 aut
1338 1522 1547 1612 plane
1566 1515 1602 1590 ὲ
1623 1540 1871 1592 natura
1896 1539 2142 1588 rerum

120 1615 484 1704 tollentes,
543 1616 1082 1691 autnon‘retste
1118 1616 1205 1690 de
1235 1617 1384 1713 ipso
1433 1614 1853 1689 sentientes?
1908 1618 2143 1706 Quam

127 1730 369 1787 vanum
413 1717 1097 1790 terriculamentum
1133 1737 1200 1791 et
1229 1718 1440 1788 inane
1468 1710 1996 1816 μορμολύκειον,
2051 1737 2172 1786 ne=

145 1816 425 1905 puerulis
466 1808 797 1910 quidem*
822 1815 1336 1902 inficiendum,
1389 1814 1530 1888 suis
1569 1814 1830 1900 obiecit
1853 1817 2143 1899 Petrus,

143 1915 389 2002 quando
442 1914 940 1988 adversarium
957 1963 1009 2015 ‚'
1061 1911 1370 2009 quicum
1427 1912 1942 1988 ‘decertandum
1990 1913 2155 2010 ipsis

134 2004 234 2094 fit,
280 2035 418 2091 non
476 2012 610 2085 nifi
657 2012 840 2102 fide,
886 2013 1309 2100 sobrietate,
1366 2012 1785 2109 vigilantia,
1852 2022 2156 2110 pre'cum

131 2103 334 2180 studio
351 2111 806 2209 vincibilem,
835 2104 1194 2197 ὥςλὲοντα
1208 2109 1570 2211 ὠρυόμενον
1588 2111 1861 2208 pinxit?
1902 2139 1935 2190 1
1971 2115 2154 2184 Petr.

137 2203 221 2309 V?
246 2215 307 2289 8.
346 2209 647 2285 Neruus
699 2213 1039 2289 inciditur
1070 2210 1194 2286 his
1236 2210 1573 2286 omnibus
1604 2260 1628 2298 ‚
1684 2211 2152 2309 etlgimagina-

139 2300 240 2375 ria
284 2306 914 2387 illaemolumenta
942 2361 967 2399 ‚
1020 2333 1205 2408 quae
1257 2309 1345 2384 ab
1379 2308 1674 2390 Diaboli
1695 2311 2152 2406 ignoratione

144 2404 669 2503 etabnegatione
693 2409 1229 2508 exspectantur,
1284 2411 1544 2484 damna
1570 2459 1592 2498 ,
1643 2410 1810 2482 inde
1842 2412 1916 2482 in
1937 2407 2156 2481 fidem

161 2519 226 2568 et
278 2505 585 2595 pietatem
661 2512 964 2595 oriunda
1000 2559 1025 2598 ‚
1106 2530 1512 2603 numquam
1571 2505 2150 2603 compensabunt.

169 2595 242 2667 ln
281 2603 597 2703 theologia
628 2658 652 2695 ‚
709 2630 893 2704 quae
923 2609 1186 2682 dicitur
1220 2609 1711 2702 comparatiua
1734 2655 1755 2694 ,
1812 2605 2151 2702 quamuis

73 2741 90 2761 .
155 2693 471 2776 summum
519 2709 701 2779 haec
754 2705 1085 2782 do‘firina‘
1128 2709 1374 2782 locum
1409 2728 1554 2777 non
1597 2704 1919 2780 obtineat
1949 2754 1974 2794 ‚
2018 2723 2150 2776 nec

141 2794 663 2879 fundamentum
706 2806 875 2879 fidei
913 2805 1327 2894 constituat,
1384 2803 1721 2878 omnibus
1788 2826 2021 2880 tamen
2072 2803 2155 2875 il-

132 2894 220 2967 lis
260 2898 425 2973 locis
476 2925 548 2975 et
584 2905 1010 3001 capitibus»,
1080 2906 1272 2978 vnde
1316 2903 1555 2977 salutis
1615 2902 1768 2999 spes
1828 2926 2018 2979 certa
2084 2921 2152 2973 et

133 2998 480 3092 explorata
515 3003 993 3099 proficiscitur
1021 3054 1044 3093 ,
1095 3001 1462 3077 araiffime
1512 3002 1892 3079 coniunfla
1939 2999 2039 3077 est
2079 3020 2153 3100 et

130 3098 464 3192 copulata.
564 3102 724 3176 Nos
784 3126 969 3180 certe
1002 3102 1386 3178 ,malumus
1450 3124 1617 3175 cum
1649 3102 2053 3199 Scriptura,
2106 3096 2155 3170 si

333 3196 486 3272 Deo
542 3203 826 3298 placet,
881 3225 1162 3288 errare,
1216 3222 1438 3296 quam
1487 3215 1656 3276 cum
1710 3202 1943 3277 Adae·

815 3301 1137 3389 monistis
1189 3297 1455 3397 sapere.
1500 3326 1504 3334 ·

1885 4042 2079 4117 CAP.
2111 4049 2162 4115 1.
