2619 4626
694 144 1656 353 -on'oLEGoMssNn
1965 284 1976 289 κ
2067 226 2156 308 ις

263 390 733 486 Sodnismi,
786 388 1297 486 Naturalist'ni,
1351 390 1967 482 Indifferentismi,
2017 396 2155 468 Ra·

252 495 723 583 tionalismi‚
782 517 850 569 et
883 502 1087 573 cuius
1108 497 1295 573 non?
1349 495 2148 593 neminiimpingimu8‚

255 618 399 666 nec
463 590 853 690 urgemus·
883 598 1091 693 supra
1137 601 1438 672 modum
1485 616 1757 666 nexum
1794 643 1817 679 .,
1868 596 1998 687 qui
2056 613 2150 664 ex

253 690 877 770 dissentientium
908 697 1406 795 hypothefibus
1451 696 1643 767 haud
1683 690 1988 782 difficili,
2040 690 2161 769 sed

250 795 580 889 ingrata
626 816 851 889 opera
891 845 916 885 ,
975 796 1425 869 concatenari
1462 790 1705 889 poffet.

148 893 238 988 34)
281 894 796 987 ,perspicuitati
826 944 849 983 ‚
905 919 1035 967 nec
1072 893 1518 969 anfractuosa
1558 913 1624 965 et
1658 889 2009 989 perplexo
2053 891 2163 963 di-
2267 950 2270 955 .

134 1020 145 1033 ·
270 995 519 1066 cendi
546 990 807 1089 generi
859 995 1343 1068 studebimus:
1390 991 1506 1066 Ne
1557 994 1743 1065 male
1792 987 2155 1064 intellecsta

146 1098 181 1143 ²·
259 1092 533 1166 locum
571 1092 842 1169 faciant
883 1093 1446 1166 dubitationibus
1480 1140 1505 1179 ‚
1562 1112 1630 1163 et
1688 1088 2152 1187 opinionibus

154 1216 183 1275 ,ε’
258 1190 712 1287 periculofis
742 1242 765 1279 ‚
823 1215 1137 1288 quarum
1173 1194 1288 1265 vis
1333 1193 1453 1264 vel
1504 1188 1873 1263 doetrinae
1905 1189 2025 1261 vel
2044 1189 2166 1261 vi··

164 1296 175 1307 '
261 1310 374 1362 tae
398 1288 980 1363 christianorum
1015 1289 1621 1388 noxiaeffepoffit.
1719 1287 2156 1362 Hisaditum

236 1390 760 1483 ‚praecludere
812 1391 1157 1464 debemus
1207 1410 1536 1464 accurata
1603 1408 1853 1460 rerum
1900 1386 2155 1460 euolu-

276 1491 528 1576 tione‚
589 1490 721 1561 his·
744 1493 841 1579 ita
879 1511 1256 1563 occurrero
1315 1487 1735 1585 disputando
1785 1486 2032 1572 decet,
2073 1503 2158 1560 vt

279 1587 942 1684 superstitionibus,
998 1588 1378 1675 securitati,
1419 1588 1642 1659 variis
1662 1605 2150 1680 peccatorum,

282 1688 929 1782 immunitatisque
970 1689 1455 1761 conciliandae
1487 1683 1976 1780 praetextibus
2004 1734 2028 1773 .,
2059 1707 2151 1756 ne

292 1788 476 1859 ullus
514 1782 1061 1880 quidemlocus
1104 1807 1227 1860 aut
1271 1785 1633 1881 effugium
1668 1782 2145 1877 relinquatur.

290 1887 750 1979 Aperuimus
788 1887 953 1959 hinc
992 1886 1202 1959 nobis
1234 1907 1617 1981 campum,
1667 1883 1945 1976 inquo
2000 1905 2157 1955 cer·

289 2005 354 2055 ta
396 1987 696 2056 ratione
745 1985 942 2089 poffit
995 1987 1319 2059 exultare
1360 1985 1586 2056 oratio
1614 2030 1637 2069 ‚
1695 2002 1826 2052 nec
1865 2002 2026 2054 eam
2070 1984 2150 2055 in

224 2132 230 2141 -
299 2084 1135 2178 compendiariamillam
1151 2085 1625 2171 ieiunitatem,
1662 2098 1732 2155 et
1767 2079 2151 2156 elementa-

296 2184 469 2259 riam
499 2183 898 2274 finitatem
928 2182 1496 2272 ‘coardlauitnus

1021 2407 1084 2486 §-
1184 2420 1257 2494 4.

347 2571 795 2674 inscripsimus
906 2579 1592 2652 commentationem

130 2668 357 2760 lianc,
398 2675 716 2771 bssoriam
754 2679 1064 2766 Diaboli,
1116 2699 1264 2749 non
1296 2700 1382 2751 eo
1424 2701 1594 2751 con·
1627 2681 1632 2690 ‘
1774 2671 2055 2773 Infflfuti

141 2768 314 2858 filio,
359 2796 495 2870 qno
524 2798 783 2851 omnes
805 2779 961 2851 eius
980 2778 1546 2856 machinationes
1564 2827 1590 2866 ‚
1813 2767 2010 2825 ‘²²¹⁰-

132 2889 171 2941 a
194 2877 442 2946 mundo
480 2876 771 2949 condito
799 2878 890 2949 ad
917 2878 1117 2949 illius
1150 2875 1397 2965 finem,
1442 2901 1606 2950 con·
1969 2955 1978 2965 ‚

129 2989 229 3042 tra
268 2975 627 3048 ecclesiam
670 2977 809 3048 Dei
861 2973 1198 3060 struflas,
1249 2998 1583 3050 enarrare
1637 2975 1923 3050 animus
1957 2970 2149 3049 effet.

128 3072 443 3169 Longum
490 3075 564 3146 id
609 3073 842 3163 foret,
890 3097 958 3147 et
985 3075 1135 3148 fere
1167 3073 1575 3165 infinitum,
1642 3098 1773 3150 nec
1804 3074 2013 3149 facile
2069 3076 2150 3146 in
2204 3108 2211 3116 ·

126 3170 332 3257 ollas,
369 3195 572 3247 meas
609 3195 796 3247 certe
826 3176 1172 3263 minime,
1206 3177 1487 3247 caderet
1513 3178 1729 3248 vires·
1826 3175 2149 3248 Potiores

127 3288 387 3342 tantum
406 3274 641 3346 lineas
665 3273 1005 3374 infaustae
1026 3274 1221 3346 illius
1245 3275 1589 3372 imaginis
1611 3270 1972 3350 'ducemus
1990 3322 2014 3361 ‚
2067 3291 2150 3346 ut

129 3387 326 3456 artes,
355 3370 614 3463 studia,
645 3371 1140 3470 stratagemata
1171 3373 1455 3467 antiqui
1480 3377 1692 3449 huius
1720 3374 2146 3447 veteratoris

132 3465 449 3545 solicitius
484 3471 1001 3559 adtendantur‚
1044 3491 1114 3545 et
1144 3491 1608 3547 concatenata
1644 3471 2148 3551 eius‘molimi-

135 3588 213 3640 na
234 3615 253 3652 ,
302 3570 569 3664 quibus
613 3571 979 3644 ciuitatem
996 3570 1136 3644 Dei
1162 3571 1348 3643 inter
1373 3574 1704 3647 homines
1725 3594 1900 3646 mox
1930 3571 2142 3653 clam,

143 3687 281 3738 mox
323 3688 576 3766 aperto
608 3688 835 3744 marte
861 3718 886 3759 ‚
936 3686 1112 3743 mox
1151 3670 1439 3742 leonina
1456 3693 1630 3763 mox
1647 3672 1942 3765 vulpina
1957 3668 2145 3762 pelle

144 3759 444 3843 rubrum
485 3769 829 3854 tentant,
878 3771 1253 3864 adhucque
1274 3788 1530 3857 tentat,
1582 3794 1713 3866 per
1743 3768 1983 3841 omnia
1999 3765 2149 3840 sae·

137 3867 261 3942 cula
307 3871 518 3953 varie
570 3866 881 3960 inflexa,
930 3869 1333 3945 euidentius
1375 3869 1927 3968 cognoscantur,
1981 3867 2148 4038 (ὶυῐ-

328 3982 337 3988 ·
782 4013 785 4016 -
1113 3989 1121 4004 ³
2060 3987 2142 4039 us
